%% DEM
@article{cundall1979discrete,
  title={A discrete numerical model for granular assemblies},
  author={Cundall, Peter A and Strack, Otto DL},
  journal={geotechnique},
  volume={29},
  number={1},
  pages={47--65},
  year={1979}
}

@inproceedings{cundall1971computer,
  title={A computer model for simulating progressive, large scale movement in blocky rock systems},
  author={Cundall, Peter A},
  booktitle={Symp. ISRM, Nancy, France, Proc.},
  volume={2},
  pages={129--136},
  year={1971}
}

@article{bui2016modeling,
  title={Modeling rammed earth wall using discrete element method},
  author={Bui, T-T and Bui, Q-B and Limam, A and Morel, J-C},
  journal={Continuum Mechanics and Thermodynamics},
  volume={28},
  number={1-2},
  pages={523--538},
  year={2016},
  publisher={Springer}
}

@article{yan2009simulation,
  title={Simulation of granular material behaviour using DEM},
  author={Yan, Geng and Yu, Hai-sui and McDowell, Glenn},
  journal={Procedia Earth and Planetary Science},
  volume={1},
  number={1},
  pages={598--605},
  year={2009},
  publisher={Elsevier}
}

@inproceedings{el2015numerical,
  title={Numerical modeling of rammed earth constructions: Analysis and recommendations},
  author={El Nabouche, R and Bui, QB and Perrotin, P and Pl{\'e}, O and Plassiard, JP},
  booktitle={1st International Conference on Bio-based Building Materials},
  pages={21--24},
  year={2015}
}



%% MACHINE LEARNING
@article{TAFFESE20171,
title = "Machine learning for durability and service-life assessment of reinforced concrete structures: Recent advances and future directions",
journal = "Automation in Construction",
volume = "77",
pages = "1 - 14",
year = "2017",
issn = "0926-5805",
doi = "https://doi.org/10.1016/j.autcon.2017.01.016",
url = "http://www.sciencedirect.com/science/article/pii/S0926580517300559",
author = "Woubishet Zewdu Taffese and Esko Sistonen",
keywords = "Reinforced concrete, Corrosion, Durability, Service life, Machine learning, Modelling, Carbonation, Chloride"
}


%% M03
@BOOK{MOECONVERGENCE,
  TITLE = {Convergence},
  SUBTITLE = {An Architectural Agenda for Energy},
  AUTHOR = {Moe, Kiel},
  YEAR = {2013},
  PUBLISHER = {Routledge},
}

@BOOK{MOEID,
  TITLE = {Integrated Design in Contemporary Architecture},
  AUTHOR = {Moe, Kiel},
  YEAR = {2008},
  PUBLISHER = {Princeton Architectural Press},
}
@BOOK{MOEIM,
  TITLE = {Insulating Modernism},
  SUBTITLE = {Isolated and Non-Isolated Thermodynamics in Architecture},
  AUTHOR = {Moe, Kiel},
  YEAR = {2014},
  PUBLISHER = {Birkhauser},
}

@BOOK{MOEHEA,
  TITLE = {The Hierarchy of Energy in Architecture},
  SUBTITLE = {Emergy Analysis},
  AUTHOR = {Moe, Kiel and Srinivasan, Ravi},
  YEAR = {2015},
  PUBLISHER = {Routledge},
}

%% ODUM
@BOOK{ODUMACCEL,
  TITLE = {Environment, Power and Society for the Twenty-First Century: The Hierarchy of Energy},
  AUTHOR = {Odum, Howard T.},
  YEAR = {2007},
  PUBLISHER = {Columbia University Press},
}

%% Fluxability
@misc{FLUXIO,
    author = "Flux Data Inc.",
    title = "Flux Data Sharing Platform for Building and Construction Design | Flux.io",
    year = "2018",
    url = "https://flux.io/",
    note = "[Online; accessed 2-March-2018]"
  }
